<?xml version="1.0" encoding="UTF-8"?>
<record xmlns="http://www.loc.gov/MARC21/slim" xmlns:xsi="http://www.w3.org/2001/XMLSchema-instance" xsi:schemaLocation="http://www.loc.gov/MARC21/slim http://www.loc.gov/standards/marcxml/schema/MARC21slim.xsd">
<leader>     nam a2200217 a 4500</leader>
<controlfield tag="001">001915532</controlfield>
<controlfield tag="003">NNU</controlfield>
<controlfield tag="005">20020719085803.0</controlfield>
<controlfield tag="008">910308s1928    iq            000 0 ara d</controlfield>
<datafield tag="035" ind1="9" ind2=" ">
<subfield code="a">NYUb10858660</subfield>
</datafield>
<datafield tag="035" ind1=" " ind2=" ">
<subfield code="a">(CStRLIN)NYUG91-B9350</subfield>
</datafield>
<datafield tag="040" ind1=" " ind2=" ">
<subfield code="a">NNU</subfield>
<subfield code="c">NNU</subfield>
</datafield>
<datafield tag="090" ind1=" " ind2=" ">
<subfield code="i">07/19/02 T</subfield>
<subfield code="h">03/08/91 CT</subfield>
</datafield>
<datafield tag="100" ind1="1" ind2=" ">
<subfield code="a">Zahāwī, Jamīl Ṣidqī.</subfield>
</datafield>
<datafield tag="245" ind1="1" ind2="3">
<subfield code="a">al-Lubāb :</subfield>
<subfield code="b">wa-huwa al-mukhtār mimmā qaraḍahu Jamīl Ṣidqī al-Zahāwī min al-shiʻr fī adwār ḥayātih.</subfield>
</datafield>
<datafield tag="260" ind1=" " ind2=" ">
<subfield code="a">Baghdād :</subfield>
<subfield code="b">Maṭbaʻat al-Furāt,</subfield>
<subfield code="c">1928.</subfield>
</datafield>
<datafield tag="300" ind1=" " ind2=" ">
<subfield code="a">4, 396 p. ;</subfield>
<subfield code="c">24 cm.</subfield>
</datafield>
<datafield tag="500" ind1=" " ind2=" ">
<subfield code="a">Poems.</subfield>
</datafield>
<datafield tag="OWN" ind1=" " ind2=" ">
<subfield code="a">GENERAL</subfield>
</datafield>
<datafield tag="903" ind1=" " ind2=" ">
<subfield code="a">OLD</subfield>
</datafield>
<datafield tag="950" ind1=" " ind2=" ">
<subfield code="l">BMAIN</subfield>
<subfield code="a">PJ7876.A35</subfield>
<subfield code="b">L8 1928</subfield>
<subfield code="h">07/19/2002 N</subfield>
<subfield code="h">03/08/1991 C</subfield>
</datafield>
<datafield tag="955" ind1=" " ind2=" ">
<subfield code="l">BMAIN</subfield>
<subfield code="c">1</subfield>
<subfield code="r">017786370</subfield>
<subfield code="h">03/08/91 C</subfield>
</datafield>
<datafield tag="998" ind1=" " ind2=" ">
<subfield code="a">07/19/02</subfield>
<subfield code="t">c</subfield>
<subfield code="s">9114</subfield>
<subfield code="n">NNU</subfield>
<subfield code="w">NYUG91B9350</subfield>
<subfield code="d">07/19/02</subfield>
<subfield code="c">MG</subfield>
<subfield code="b">MUS</subfield>
<subfield code="i">020719</subfield>
<subfield code="h">910308</subfield>
<subfield code="l">NYUG</subfield>
</datafield>
<datafield tag="AVA" ind1=" " ind2=" ">
<subfield code="a">NYU50</subfield>
<subfield code="b">BOBST</subfield>
<subfield code="c">Main Collection</subfield>
<subfield code="d">PJ7876.A35 L8 1928</subfield>
<subfield code="e">unavailable</subfield>
<subfield code="t">Unavailable</subfield>
<subfield code="f">1</subfield>
<subfield code="g">1</subfield>
<subfield code="h">N</subfield>
<subfield code="i">0</subfield>
<subfield code="j">MAIN</subfield>
<subfield code="k">0</subfield>
</datafield>
</record>
